<?xml version="1.0" encoding="UTF-8"?><collection xmlns="http://www.loc.gov/MARC21/slim"><record><leader>00518nam--2200121-i-4500</leader><controlfield tag="001">000009745</controlfield><controlfield tag="002">20161230</controlfield><controlfield tag="005">20161230201028</controlfield><controlfield tag="008">060222s1000------------r-----000-0-eng-d</controlfield><datafield ind1=" " ind2=" " tag="080"><subfield code="a">621.384.6:537.533</subfield></datafield><datafield ind1=" " ind2=" " tag="245"><subfield code="a">Actes du premier colloque international soudage et fusion par faisceaux d electrons, organise par le centre d etudes de bruyeres- le-chatel du commissariat a l energie atomique au conservatoire national des arts et metiers paris. 51 communications rass</subfield></datafield><datafield ind1=" " ind2=" " tag="260"><subfield code="a">Paris, Interbus, 1971 852 P</subfield></datafield><datafield ind1=" " ind2=" " tag="852"><subfield code="a">35217</subfield></datafield></record></collection>